@article{LHCPicture,
    author          = {Mouche, Philippe},
    title           = {Overall view of the LHC. Vue d'ensemble du LHC},
    year            = {2014},
    reportNumber    = {OPEN-PHO-ACCEL-2014-001},
    url             = {https://cds.cern.ch/record/1708847},
    note            = {General Photo},
}

@article{CMSPicture,
    author          = {Tai Sakuma and Thomas McCauley},
    title           = {Detector and Event Visualization with SketchUp at the CMS Experiment},
    journal         = {Journal of Physics: Conference Series},
    volume          = {513},
    pages           = {022032},
    year            = {2014},
}

@article{CMSExperiment,
    author        = {CMS},
    title         = "{The CMS experiment at the CERN LHC. The Compact Muon
                     Solenoid experiment}",
    journal       = "JINST",
    collaboration = "CMS Collaboration",
    volume        = "3",
    pages         = "S08004. 361 p",
    year          = "2008",
    url           = "https://cds.cern.ch/record/1129810",
    note          = "Also published by CERN Geneva in 2010",
}
@article{CMSCoord,
    author          = {Schott, Matthias and Dunford, Monica},
    title           = {Review of single vector boson production in pp collisions at $\sqrt{s} = 7$ TeV},
    journal         = {Eur. Phys. J.},
    volume          = {C74},
    year            = {2014},
    pages           = {2916},
    doi             = {10.1140/epjc/s10052-014-2916-1},
    eprint          = {1405.1160},
    archivePrefix   = {arXiv},
    primaryClass    = {hep-ex},
    SLACcitation    = {%%CITATION = ARXIV:1405.1160;%%},
}

@article{CMSTrackerPerformance,
    author          = {The CMS Collaboration},
    title           = {Description and performance of track and primary-vertex reconstruction with the CMS tracker},
    journal         = {JINST},
    volume          = {9},
    year            = {2014},
    pages           = {P10009},
    doi             = {10.1088/1748-0221/9/10/P10009},
    eprint          = {1405.6569},
    archivePrefix   = {arXiv},
    primaryClass    = {physics.ins-det},
    reportNumber    = {CMS-TRK-11-001, CERN-PH-EP-2014-070},
    SLACcitation    = {%%CITATION = ARXIV:1405.6569;%%},
}

@article{CMSECALRESMEAS,
      author         = "CMS",
      title          = "{Energy Calibration and Resolution of the CMS
                        Electromagnetic Calorimeter in $pp$ Collisions at
                        $\sqrt{s} = 7$ TeV}",
      journal        = "JINST",
      volume         = "8",
      year           = "2013",
      doi            = "10.1088/1748-0221/8/09/P09009",
      note           = "[JINST8,9009(2013)]",
      eprint         = "1306.2016",
      archivePrefix  = "arXiv",
      primaryClass   = "hep-ex",
      reportNumber   = "CMS-EGM-11-001, CERN-PH-EP-2013-097",
      SLACcitation   = "%%CITATION = ARXIV:1306.2016;%%"
}

@article{CERNcomplex,
      author        = "Marcastel, Fabienne",
      title         = "{CERN's Accelerator Complex. La cha\^ine des
                       acc\'el\'erateurs du CERN}",
      year          = "2013",
      reportNumber  = "OPEN-PHO-CHART-2013-001",
      url           = "https://cds.cern.ch/record/1621583",
      note          = "General Photo",
}

@article{CMSTDRV1,
      author        = "{The CMS Collaboration}",
      title         = "{CMS Physics: Technical Design Report Volume 1: Detector
                       Performance and Software}",
      collaboration = "CMS Collaboration",
      year          = "2006",
      url           = "http://cds.cern.ch/record/922757",
}

@article{CMSHCAL,
    author          = {The CMS Collaboration},
    title           = {Identification and Filtering of Uncharacteristic Noise
                        in the CMS Hadron Calorimeter},
    journal         = {JINST},
    volume          = {5},
    year            = {2010},
    pages           = {T03014},
    doi             = {10.1088/1748-0221/5/03/T03014},
    eprint          = {0911.4881},
    archivePrefix   = {arXiv},
    primaryClass    = {physics.ins-det},
    reportNumber    = {CMS-CFT-09-019},
    SLACcitation    = {%%CITATION = ARXIV:0911.4881;%%},
}

    
@article{HF,
  author={A Penzo and Y Onel and the CMS Collaboration},
  title={The CMS-HF quartz fiber calorimeters},
  journal={Journal of Physics: Conference Series},
  volume={160},
  pages={012014},
  url={http://stacks.iop.org/1742-6596/160/i=1/a=012014},
  year={2009},
}

@article{CMSMuon7TeV,
      author         = "CMS",
      title          = "{CMS reconstruction improvement for the muon tracking by
                        the RPC chambers}",
      collaboration  = "CMS",
      journal        = "PoS",
      volume         = "RPC2012",
      year           = "2012",
      pages          = "045",
      doi            = "10.1088/1748-0221/8/03/T03001",
      note           = "[JINST8,T03001(2013)]",
      eprint         = "1209.2646",
      archivePrefix  = "arXiv",
      primaryClass   = "physics.ins-det",
      SLACcitation   = "%%CITATION = ARXIV:1209.2646;%%"
}
@article{CMSL1T,
    author          = {The CMS Collaboration},
    title           = {The CMS trigger system},
    journal         = {JINST},
    volume          = {12},
    year            = {2017},
    pages           = {P01020},
    doi             = {10.1088/1748-0221/12/01/P01020},
    eprint          = {1609.02366v2},
    archivePrefix   = {arXiv},
    primaryClass    = {physics.ins-det},
    reportNumber    = {CMS-TRG-12-001, CERN-EP-2016-160},
    SLACcitation    = {%%CITATION = ARXIV:1609.02366v2;%%},
}

@article{ParticleFlow,
    author          = {The CMS Collaboration},
    title           = {Particle-flow reconstruction and global event description with the CMS detector},
    journal         = {JINST},
    volume          = {12},
    year            = {2017},
    pages           = {P10003},
    doi             = {10.1088/1748-0221/12/10/P10003},
    eprint          = {1706.04965},
    archivePrefix   = {arXiv},
    primaryClass    = {physics.ins-det},
    reportNumber    = {CMS-PRF-14-001, CERN-EP-2017-110},
    SLACcitation    = {%%CITATION = ARXIV:1706.04965;%%},
}

@article{NNPDF3p1,
      author         = "Ball, Richard D. and others",
      title          = "{Parton distributions from high-precision collider data}",
      collaboration  = "NNPDF",
      journal        = "Eur. Phys. J.",
      volume         = "C77",
      year           = "2017",
      pages          = "663",
      doi            = "10.1140/epjc/s10052-017-5199-5",
      eprint         = "1706.00428",
      archivePrefix  = "arXiv",
      primaryClass   = "hep-ph",
      reportNumber   = "CAVENDISH-HEP-17-06, CERN-TH-2017-077, EDINBURGH-2017-08,
                        NIKHEF-2017-006, OUTP-17-04P, TIF-UNIMI-2017-3",
      SLACcitation   = "%%CITATION = ARXIV:1706.00428;%%"
}


URLS+TWikis
@misc{LHCtimeline,
      title = {{The Large Hadron Collider}},
      howpublished = {\url{https://timeline.web.cern.ch/timelines/The-Large-Hadron-Collider}},
      note = {Accessed: 2017-12-04},
}
@misc{LHCTopWG_Plots,
      title = {{LHCTopWG: Summary Plots}},
      howpublished = {\url{https://twiki.cern.ch/twiki/bin/view/LHCPhysics/LHCTopWGSummaryPlots}},
      note = {Accessed: 2018-04-12}
}
@misc{Gen:Event,
      title = {{Sherpa and Open Science Grid: Predicting the emergence of jets}},
      howpublished = {\url{https://sciencenode.org/feature/sherpa-and-open-science-grid-predicting-emergence-jets.php}},
      note = {Accessed: 2018-04-16}
}

@article{Gen:Lund,
      author         = "{Sj\"ostrand, Torbj\"orn}",
      title          = "{Status and developments of event generators}",
      booktitle      = "{Proceedings, 4th Large Hadron Collider Physics
                        Conference (LHCP 2016): Lund, Sweden, June 13-18, 2016}",
      journal        = "PoS",
      volume         = "LHCP2016",
      year           = "2016",
      pages          = "007",
      eprint         = "1608.06425",
      archivePrefix  = "arXiv",
      primaryClass   = "hep-ph",
      reportNumber   = "LU-TP-16-47, MCNET-16-36",
      SLACcitation   = "%%CITATION = ARXIV:1608.06425;%%"
}

@unpublished{LHCdipolemagnet,
      author        = "AC Team",
      title         = "{Diagram of an LHC dipole magnet. Sch\'ema d'un aimant
                       dip\^ole du LHC}",
      year          = "1999",
      reportNumber  = "CERN-DI-9906025",
      url           = "https://cds.cern.ch/record/40524",
}

@article{feyntikz,
      author         = "Ellis, Joshua",
      title          = "{TikZ-Feynman: Feynman diagrams with TikZ}",
      journal        = "Comput. Phys. Commun.",
      volume         = "210",
      year           = "2017",
      pages          = "103-123",
      doi            = "10.1016/j.cpc.2016.08.019",
      eprint         = "1601.05437",
      archivePrefix  = "arXiv",
      primaryClass   = "hep-ph",
      SLACcitation   = "%%CITATION = ARXIV:1601.05437;%%"
}

@article{alphaSrunning,
      author         = "Khachatryan, Vardan and others",
      title          = "{Measurement and QCD analysis of double-differential
                        inclusive jet cross sections in pp collisions at $
                        \sqrt{s}=8 $ TeV and cross section ratios to 2.76 and 7
                        TeV}",
      collaboration  = "CMS",
      journal        = "JHEP",
      volume         = "03",
      year           = "2017",
      pages          = "156",
      doi            = "10.1007/JHEP03(2017)156",
      eprint         = "1609.05331",
      archivePrefix  = "arXiv",
      primaryClass   = "hep-ex",
      reportNumber   = "CMS-SMP-14-001, CERN-EP-2016-196",
      SLACcitation   = "%%CITATION = ARXIV:1609.05331;%%"
}

@article{PDG,
      author         = "Patrignani, C. and others",
      title          = "{Review of Particle Physics}",
      collaboration  = "Particle Data Group",
      journal        = "Chin. Phys.",
      volume         = "C40",
      year           = "2016",
      pages          = "100001",
      doi            = "10.1088/1674-1137/40/10/100001",
      SLACcitation   = "%%CITATION = CHPHD,C40,100001;%%"
}

@article{TOP16021,
      author         = "CMS Collaboration",
      title          = "{Investigations of the impact of the parton shower tuning
                        in Pythia 8 in the modelling of $\mathrm{t\overline{t}}$
                        at $\sqrt{s}=8$ and 13 TeV}",
      collaboration  = "CMS",
      year           = "2016",
      reportNumber   = "CMS-PAS-TOP-16-021",
      SLACcitation   = "%%CITATION = CMS-PAS-TOP-16-021;%%"
}

________________________________________________________________________________

CROSS SECTION MEASUREMENTS
________________________________________________________________________________
5 TeV Inclusive
@article{TOP16023,
      author         = "Sirunyan, A. M. and others",
      title          = "{Measurement of the inclusive $
                        \mathrm{t}\overline{\mathrm{t}} $ cross section in pp
                        collisions at $ \sqrt{s}=5.02 $ TeV using final states
                        with at least one charged lepton}",
      collaboration  = "CMS",
      journal        = "JHEP",
      volume         = "03",
      year           = "2018",
      pages          = "115",
      doi            = "10.1007/JHEP03(2018)115",
      eprint         = "1711.03143",
      archivePrefix  = "arXiv",
      primaryClass   = "hep-ex",
      reportNumber   = "TOP-16-023, CERN-EP-2017-258",
      SLACcitation   = "%%CITATION = ARXIV:1711.03143;%%"
}


7/8TeV Inclusive
@article{TOP10001,
      author         = "Khachatryan, Vardan and others",
      title          = "{First Measurement of the Cross Section for Top-Quark
                        Pair Production in Proton-Proton Collisions at
                        $\sqrt{s}=7$ TeV}",
      collaboration  = "CMS",
      journal        = "Phys. Lett.",
      volume         = "B695",
      year           = "2011",
      pages          = "424-443",
      doi            = "10.1016/j.physletb.2010.11.058",
      eprint         = "1010.5994",
      archivePrefix  = "arXiv",
      primaryClass   = "hep-ex",
      reportNumber   = "CMS-TOP-10-001, CERN-PH-EP-2010-039",
      SLACcitation   = "%%CITATION = ARXIV:1010.5994;%%"
}

@article{TOP10002,
      author         = "Chatrchyan, Serguei and others",
      title          = "{Measurement of the Top-antitop Production Cross Section
                        in $pp$ Collisions at $\sqrt{s}=7$ TeV using the Kinematic
                        Properties of Events with Leptons and Jets}",
      collaboration  = "CMS",
      journal        = "Eur. Phys. J.",
      volume         = "C71",
      year           = "2011",
      pages          = "1721",
      doi            = "10.1140/epjc/s10052-011-1721-3",
      eprint         = "1106.0902",
      archivePrefix  = "arXiv",
      primaryClass   = "hep-ex",
      reportNumber   = "CERN-PH-EP-2011-060, CMS-TOP-10-002",
      SLACcitation   = "%%CITATION = ARXIV:1106.0902;%%"
}

@article{TOP10003,
      author         = "Chatrchyan, Serguei and others",
      title          = "{Measurement of the $t \overline{t}$ Production Cross Section
                        in $pp$ Collisions at 7 TeV in Lepton + Jets Events Using
                        $b$-quark Jet Identification}",
      collaboration  = "CMS",
      journal        = "Phys. Rev.",
      volume         = "D84",
      year           = "2011",
      pages          = "092004",
      doi            = "10.1103/PhysRevD.84.092004",
      eprint         = "1108.3773",
      archivePrefix  = "arXiv",
      primaryClass   = "hep-ex",
      reportNumber   = "CERN-PH-EP-2011-085, CMS-TOP-10-003",
      SLACcitation   = "%%CITATION = ARXIV:1108.3773;%%"
}
@article{TOP11002,
      author         = "Chatrchyan, Serguei and others",
      title          = "{Measurement of the $t\overline{t}$ production cross section
                        and the top quark mass in the dilepton channel in $pp$
                        collisions at $\sqrt{s}=7$ TeV}",
      collaboration  = "CMS",
      journal        = "JHEP",
      volume         = "07",
      year           = "2011",
      pages          = "049",
      doi            = "10.1007/JHEP07(2011)049",
      eprint         = "1105.5661",
      archivePrefix  = "arXiv",
      primaryClass   = "hep-ex",
      reportNumber   = "FERMILAB-PUB-11-309-E, CERN-PH-EP-2011-055,
                        CMS-TOP-11-002",
      SLACcitation   = "%%CITATION = ARXIV:1105.5661;%%"
}
@article{TOP11003,
      author         = "Chatrchyan, Serguei and others",
      title          = "{Measurement of the $t\overline{t}$ production cross section
                        in $pp$ collisions at $\sqrt{s}=7$ TeV with lepton + jets
                        final states}",
      collaboration  = "CMS",
      journal        = "Phys. Lett.",
      volume         = "B720",
      year           = "2013",
      pages          = "83-104",
      doi            = "10.1016/j.physletb.2013.02.021",
      eprint         = "1212.6682",
      archivePrefix  = "arXiv",
      primaryClass   = "hep-ex",
      reportNumber   = "CMS-TOP-11-003, CERN-PH-EP-2012-285",
      SLACcitation   = "%%CITATION = ARXIV:1212.6682;%%"
}
@article{TOP11004,
      author         = "Chatrchyan, Serguei and others",
      title          = "{Measurement of the top-antitop production cross section
                        in the tau+jets channel in pp collisions at sqrt(s) = 7
                        TeV}",
      collaboration  = "CMS",
      journal        = "Eur. Phys. J.",
      volume         = "C73",
      year           = "2013",
      pages          = "2386",
      doi            = "10.1140/epjc/s10052-013-2386-x",
      eprint         = "1301.5755",
      archivePrefix  = "arXiv",
      primaryClass   = "hep-ex",
      reportNumber   = "CMS-TOP-11-004, CERN-PH-EP-2012-374",
      SLACcitation   = "%%CITATION = ARXIV:1301.5755;%%"
}
@article{TOP11005,
      author         = "Chatrchyan, Serguei and others",
      title          = "{Measurement of the $t\overline{t}$ production cross section
                        in the dilepton channel in $pp$ collisions at $\sqrt{s}=7$
                        TeV}",
      collaboration  = "CMS",
      journal        = "JHEP",
      volume         = "11",
      year           = "2012",
      pages          = "067",
      doi            = "10.1007/JHEP11(2012)067",
      eprint         = "1208.2671",
      archivePrefix  = "arXiv",
      primaryClass   = "hep-ex",
      reportNumber   = "CMS-TOP-11-005, CERN-PH-EP-2012-224",
      SLACcitation   = "%%CITATION = ARXIV:1208.2671;%%"
}
@article{TOP12007,
      author         = "Chatrchyan, Serguei and others",
      title          = "{Measurement of the $t\overline{t}$ production cross section
                        in the dilepton channel in pp collisions at $\sqrt{s}$ = 8
                        TeV}",
      collaboration  = "CMS",
      journal        = "JHEP",
      volume         = "02",
      year           = "2014",
      pages          = "024",
      doi            = "10.1007/JHEP02(2014)024, 10.1007/JHEP02(2014)102",
      note           = "[Erratum: JHEP02,102(2014)]",
      eprint         = "1312.7582",
      archivePrefix  = "arXiv",
      primaryClass   = "hep-ex",
      reportNumber   = "CMS-TOP-12-007, CERN-PH-EP-2013-234",
      SLACcitation   = "%%CITATION = ARXIV:1312.7582;%%"
}
@article{TOP12026,
      author         = "Khachatryan, Vardan and others",
      title          = "{Measurement of the $t \overline t$ production cross section
                        in $pp$ collisions at $\sqrt s = 8$ TeV in dilepton final
                        states containing one $\tau$ lepton}",
      collaboration  = "CMS",
      journal        = "Phys. Lett.",
      volume         = "B739",
      year           = "2014",
      pages          = "23-43",
      doi            = "10.1016/j.physletb.2014.10.032",
      eprint         = "1407.6643",
      archivePrefix  = "arXiv",
      primaryClass   = "hep-ex",
      reportNumber   = "CERN-PH-EP-2014-167, CMS-TOP-12-026",
      SLACcitation   = "%%CITATION = ARXIV:1407.6643;%%"
}
@article{TOP12041,
      author         = "Khachatryan, Vardan and others",
      title          = "{Measurement of $\mathrm {t}\overline{\mathrm {t}}$
                        production with additional jet activity, including
                        $\mathrm {b}$ quark jets, in the dilepton decay channel
                        using pp collisions at $\sqrt{s} =$ 8 TeV}",
      collaboration  = "CMS",
      journal        = "Eur. Phys. J.",
      volume         = "C76",
      year           = "2016",
      pages          = "379",
      doi            = "10.1140/epjc/s10052-016-4105-x",
      eprint         = "1510.03072",
      archivePrefix  = "arXiv",
      primaryClass   = "hep-ex",
      reportNumber   = "CMS-TOP-12-041, CERN-PH-EP-2015-240",
      SLACcitation   = "%%CITATION = ARXIV:1510.03072;%%"
}
@article{TOP13004,
      author         = "Khachatryan, Vardan and others",
      title          = "{Measurement of the t-toverline production cross section in
                        the e-mu channel in proton-proton collisions at sqrt(s) =
                        7 and 8 TeV}",
      collaboration  = "CMS",
      journal        = "JHEP",
      volume         = "08",
      year           = "2016",
      pages          = "029",
      doi            = "10.1007/JHEP08(2016)029",
      eprint         = "1603.02303",
      archivePrefix  = "arXiv",
      primaryClass   = "hep-ex",
      reportNumber   = "CMS-TOP-13-004, CERN-EP-2016-044",
      SLACcitation   = "%%CITATION = ARXIV:1603.02303;%%"
}
@article{TOP14018,
      author         = "Khachatryan, Vardan and others",
      title          = "{Measurement of the $\mathrm{t}\overline{{\mathrm{t}}}$
                        production cross section in the all-jets final state in pp
                        collisions at $\sqrt{s}=8$ $\,\text {TeV}$}",
      collaboration  = "CMS",
      journal        = "Eur. Phys. J.",
      volume         = "C76",
      year           = "2016",
      pages          = "128",
      doi            = "10.1140/epjc/s10052-016-3956-5",
      eprint         = "1509.06076",
      archivePrefix  = "arXiv",
      primaryClass   = "hep-ex",
      reportNumber   = "CMS-TOP-14-018, CERN-PH-EP-2015-243",
      SLACcitation   = "%%CITATION = ARXIV:1509.06076;%%"
}

7/8TeV Differential
@article{TOP11013,
      author         = "Chatrchyan, Serguei and others",
      title          = "{Measurement of differential top-quark pair production
                        cross sections in $pp$ colisions at $\sqrt{s}=7$ TeV}",
      collaboration  = "CMS",
      journal        = "Eur. Phys. J.",
      volume         = "C73",
      year           = "2013",
      pages          = "2339",
      doi            = "10.1140/epjc/s10052-013-2339-4",
      eprint         = "1211.2220",
      archivePrefix  = "arXiv",
      primaryClass   = "hep-ex",
      reportNumber   = "CMS-TOP-11-013, CERN-PH-EP-2012-322",
      SLACcitation   = "%%CITATION = ARXIV:1211.2220;%%"
}
@article{TOP12028,
      author         = "Khachatryan, Vardan and others",
      title          = "{Measurement of the differential cross section for top
                        quark pair production in pp collisions at $\sqrt{s} =
                        8\,\text {TeV} $}",
      collaboration  = "CMS",
      journal        = "Eur. Phys. J.",
      volume         = "C75",
      year           = "2015",
      pages          = "542",
      doi            = "10.1140/epjc/s10052-015-3709-x",
      eprint         = "1505.04480",
      archivePrefix  = "arXiv",
      primaryClass   = "hep-ex",
      reportNumber   = "CMS-TOP-12-028, CERN-PH-EP-2015-117",
      SLACcitation   = "%%CITATION = ARXIV:1505.04480;%%"
}
@article{TOP14012,
      author         = "Khachatryan, Vardan and others",
      title          = "{Measurement of the integrated and differential $t \overline
                        t$ production cross sections for high-$p_t$ top quarks in
                        $pp$ collisions at $\sqrt s =$ 8 TeV}",
      collaboration  = "CMS",
      journal        = "Phys. Rev.",
      volume         = "D94",
      year           = "2016",
      pages          = "072002",
      doi            = "10.1103/PhysRevD.94.072002",
      eprint         = "1605.00116",
      archivePrefix  = "arXiv",
      primaryClass   = "hep-ex",
      reportNumber   = "CMS-TOP-14-012, CERN-EP-2016-078",
      SLACcitation   = "%%CITATION = ARXIV:1605.00116;%%"
}
@article{TOP14013,
      author         = "Sirunyan, Albert M and others",
      title          = "{Measurement of double-differential cross sections for
                        top quark pair production in pp collisions at $\sqrt{s} =
                        8$ $\,\text {TeV}$ and impact on parton distribution
                        functions}",
      collaboration  = "CMS",
      journal        = "Eur. Phys. J.",
      volume         = "C77",
      year           = "2017",
      pages          = "459",
      doi            = "10.1140/epjc/s10052-017-4984-5",
      eprint         = "1703.01630",
      archivePrefix  = "arXiv",
      primaryClass   = "hep-ex",
      reportNumber   = "CMS-TOP-14-013, CERN-EP-2017-030",
      SLACcitation   = "%%CITATION = ARXIV:1703.01630;%%"
}





13 TeV Inclusive
@article{TOP16005,
      author         = "Khachatryan, Vardan and others",
      title          = "{Measurement of the $t\overline{t}$ production cross section
                        using events in the e$\mu$ final state in pp collisions at
                        $\sqrt{s} =$ 13 TeV}",
      collaboration  = "CMS",
      journal        = "Eur. Phys. J.",
      volume         = "C77",
      year           = "2017",
      pages          = "172",
      doi            = "10.1140/epjc/s10052-017-4718-8",
      eprint         = "1611.04040",
      archivePrefix  = "arXiv",
      primaryClass   = "hep-ex",
      reportNumber   = "CMS-TOP-16-005, CERN-EP-2016-265",
      SLACcitation   = "%%CITATION = ARXIV:1611.04040;%%"
}
@article{TOP16006,
      author         = "Sirunyan, Albert M. and others",
      title          = "{Measurement of the $t \overline t$ production cross section
                        using events with one lepton and at least one jet in pp
                        collisions at $\sqrt{s}$  = 13 TeV}",
      collaboration  = "CMS",
      journal        = "JHEP",
      volume         = "09",
      year           = "2017",
      pages          = "051",
      doi            = "10.1007/JHEP09(2017)051",
      eprint         = "1701.06228",
      archivePrefix  = "arXiv",
      primaryClass   = "hep-ex",
      reportNumber   = "CMS-TOP-16-006, CERN-EP-2016-321",
      SLACcitation   = "%%CITATION = ARXIV:1701.06228;%%"
}

13 TeV Differential
@article{TOP16007,
      author         = "Sirunyan, Albert M and others",
      title          = "{Measurement of normalized differential t-toverline cross
                        sections in the dilepton channel from pp collisions at
                        sqrt(s) = 13 TeV}",
      collaboration  = "CMS",
      year           = "2017",
      eprint         = "1708.07638",
      archivePrefix  = "arXiv",
      primaryClass   = "hep-ex",
      reportNumber   = "CMS-TOP-16-007, CERN-EP-2017-120",
      SLACcitation   = "%%CITATION = ARXIV:1708.07638;%%",
      note           = "Accepted in JHEP"
}
@article{TOP16008,
      author         = "Khachatryan, Vardan and others",
      title          = "{Measurement of differential cross sections for top quark
                        pair production using the lepton+jets final state in
                        proton-proton collisions at 13 TeV}",
      collaboration  = "CMS",
      journal        = "Phys. Rev.",
      volume         = "D95",
      year           = "2017",
      pages          = "092001",
      doi            = "10.1103/PhysRevD.95.092001",
      eprint         = "1610.04191",
      archivePrefix  = "arXiv",
      primaryClass   = "hep-ex",
      reportNumber   = "CMS-TOP-16-008, CERN-EP-2016-227",
      SLACcitation   = "%%CITATION = ARXIV:1610.04191;%%"
}
@article{TOP16010,
      author         = "Sirunyan, Albert M and others",
      title          = "{Measurements of $t\overline{t}$ cross sections in association
                        with $b$ jets and inclusive jets and their ratio using
                        dilepton final states in pp collisions at $\sqrt{s}$ = 13
                        TeV}",
      collaboration  = "CMS",
      journal        = "Phys. Lett.",
      volume         = "B776",
      year           = "2018",
      pages          = "355-378",
      doi            = "10.1016/j.physletb.2017.11.043",
      eprint         = "1705.10141",
      archivePrefix  = "arXiv",
      primaryClass   = "hep-ex",
      reportNumber   = "CMS-TOP-16-010, CERN-EP-2017-069",
      SLACcitation   = "%%CITATION = ARXIV:1705.10141;%%"
}
@article{TOP16014,
      author         = "Sirunyan, Albert M and others",
      title          = "{Measurements of differential cross sections of top quark
                        pair production as a function of kinematic event variables
                        in proton-proton collisions at $\sqrt{s}=$ 13 TeV}",
      collaboration  = "CMS",
      year           = "2018",
      eprint         = "1803.03991",
      archivePrefix  = "arXiv",
      primaryClass   = "hep-ex",
      reportNumber   = "CMS-TOP-16-014, CERN-EP-2018-013, CMS-TOP-16-014,
                        CERN-EP-2018-013",
      SLACcitation   = "%%CITATION = ARXIV:1803.03991;%%",
      note           = "Submitted to JHEP",
}
@article{TOP17002,
      author         = "Sirunyan, Albert M and others",
      title          = "{Measurement of differential cross sections for the
                        production of top quark pairs and of additional jets in
                        lepton+jets events from pp collisions at $\sqrt{s} =$ 13
                        TeV}",
      collaboration  = "CMS",
      year           = "2018",
      eprint         = "1803.08856",
      archivePrefix  = "arXiv",
      primaryClass   = "hep-ex",
      reportNumber   = "CMS-TOP-17-002, CERN-EP-2018-039, CMS-TOP-17-002,
                        CERN-EP-2018-039",
      SLACcitation   = "%%CITATION = ARXIV:1803.08856;%%",
      note           = "Submitted to Phys. Rev. D.",
}




tt+g/V/H
@article{HIG17035,
      author         = "Sirunyan, Albert M and others",
      title          = "{Observation of $\mathrm{t\overline{t}}$H production}",
      collaboration  = "CMS",
      year           = "2018",
      eprint         = "1804.02610",
      archivePrefix  = "arXiv",
      primaryClass   = "hep-ex",
      reportNumber   = "CMS-HIG-17-035, CERN-EP-2018-064, CMS-HIG-17-035,
                        CERN-EP-2018-064",
      SLACcitation   = "%%CITATION = ARXIV:1804.02610;%%",
      note           = "Submitted to Phys. Rev. Lett."
}
@article{TOP17005,
      author         = "Sirunyan, Albert M and others",
      title          = "{Measurement of the cross section for top quark pair
                        production in association with a W or Z boson in
                        proton-proton collisions at $\sqrt{s} =$ 13 TeV}",
      collaboration  = "CMS",
      year           = "2017",
      eprint         = "1711.02547",
      archivePrefix  = "arXiv",
      primaryClass   = "hep-ex",
      reportNumber   = "CMS-TOP-17-005, CERN-EP-2017-286",
      SLACcitation   = "%%CITATION = ARXIV:1711.02547;%%",
      note           = "Submitted to JHEP"
}
@article{TOP14008,
      author         = "Sirunyan, Albert M and others",
      title          = "{Measurement of the semileptonic $
                        \mathrm{t}\overline{\mathrm{t}} + \gamma$ production cross
                        section in pp collisions at $ \sqrt{s}=8 $ TeV}",
      collaboration  = "CMS",
      journal        = "JHEP",
      volume         = "10",
      year           = "2017",
      pages          = "006",
      doi            = "10.1007/JHEP10(2017)006",
      eprint         = "1706.08128",
      archivePrefix  = "arXiv",
      primaryClass   = "hep-ex",
      reportNumber   = "CMS-TOP-14-008, CERN-EP-2017-112",
      SLACcitation   = "%%CITATION = ARXIV:1706.08128;%%"
}



Other
@article{TOP12042,
      author         = "Khachatryan, Vardan and others",
      title          = "{Measurement of the differential cross sections for top
                        quark pair production as a function of kinematic event
                        variables in pp collisions at $\sqrt s$=7 and 8 TeV}",
      collaboration  = "CMS",
      journal        = "Phys. Rev.",
      volume         = "D94",
      year           = "2016",
      pages          = "052006",
      doi            = "10.1103/PhysRevD.94.052006",
      eprint         = "1607.00837",
      archivePrefix  = "arXiv",
      primaryClass   = "hep-ex",
      reportNumber   = "CMS-TOP-12-042, CERN-EP-2016-139",
      SLACcitation   = "%%CITATION = ARXIV:1607.00837;%%"
}



________________________________________________________________________________

Generators
________________________________________________________________________________

@article{TOPpp,
      author         = "Czakon, Michal and Mitov, Alexander",
      title          = "{Top++: A Program for the Calculation of the Top-Pair
                        Cross-Section at Hadron Colliders}",
      journal        = "Comput. Phys. Commun.",
      volume         = "185",
      year           = "2014",
      pages          = "2930",
      doi            = "10.1016/j.cpc.2014.06.021",
      eprint         = "1112.5675",
      archivePrefix  = "arXiv",
      primaryClass   = "hep-ph",
      reportNumber   = "CERN-PH-TH-2011-303, TTK-11-58",
      SLACcitation   = "%%CITATION = ARXIV:1112.5675;%%"
}